<?xml version="1.0" encoding="UTF-8"?><collection xmlns="http://www.loc.gov/MARC21/slim"><record><leader>00388nam--2200121-i-4500</leader><controlfield tag="001">000024569</controlfield><controlfield tag="002">20161230</controlfield><controlfield tag="005">20161230201035</controlfield><controlfield tag="008">060222s1000------------r-----000-0-eng-d</controlfield><datafield ind1=" " ind2=" " tag="080"><subfield code="a">629.19(540)</subfield></datafield><datafield ind1=" " ind2=" " tag="245"><subfield code="a">Indian national committee for space research. xxiii cospar meeting, budapest hungary june, 1980</subfield></datafield><datafield ind1=" " ind2=" " tag="260"><subfield code="a">Jodhpur Tekra, Indian Space Research Organization, 1980. 62p</subfield></datafield><datafield ind1=" " ind2=" " tag="852"><subfield code="a">72519</subfield></datafield></record></collection>